@article{berry1995automobile,
  title={Automobile prices in market equilibrium},
  author={Berry, Steven and Levinsohn, James and Pakes, Ariel},
  journal={Econometrica},
  volume={63},
  number={4},
  pages={841--890},
  year={1995}
}
@article{conlon2020best,
  title={Best practices for differentiated products demand estimation with PyBLP},
  author={Conlon, Christopher and Gortmaker, Jeff},
  journal={RAND Journal of Economics},
  volume={51},
  number={4},
  pages={1108--1161},
  year={2020}
}
@article{conlon2025incorporating,
  title={Incorporating micro data into differentiated products demand estimation with PyBLP},
  author={Conlon, Christopher and Gortmaker, Jeff},
  year={2025},
  journal={Journal of Econometrics},
  pages={105926}
}
@software{pyblp,
  title={PyBLP: BLP Demand Estimation with Python},  
  author={Conlon, Christopher and Gortmaker, Jeff},
  note={Available at \url{https://github.com/jeffgortmaker/pyblp}}
}
@article{berry2007pure,
  title={The pure characteristics demand model},
  author={Berry, Steven and Pakes, Ariel},
  journal={International Economic Review},
  volume={48},
  number={4},
  pages={1193--1225},
  year={2007}
}
@article{berry1994estimating,
  title={Estimating discrete-choice models of product differentiation},
  author={Berry, Steven},
  journal={RAND Journal of Economics},
  pages={242--262},
  year={1994}
}
@software{reghdfe,
  title={Reghdfe: Linear regressions with multiple fixed effects},
  author={Correia, Sergio},
  note={Available at \url{https://github.com/sergiocorreia/reghdfe}}
}
@software{fixest,
  title={Fixest: Fast fixed-effects estimations},
  author={Laurent Berg\'e},  
  note={Available at \url{https://github.com/lrberge/fixest}}
}
@software{pyhdfe,
  title={PyHDFE: High dimensional fixed effect absorption with Python},
  author={Gortmaker, Jeff and Tarascina, Anya},  
  note={Available at \url{https://github.com/jeffgortmaker/pyhdfe}}
}
@software{pyfixest,
  title={PyFixest: Fast high-dimensional fixed effects regression in Python following fixest-syntax},
  author={Fischer, Alexander},
  note={Available at \url{https://github.com/s3alfisc}}
}
@incollection{berry2021foundations,
  title={Foundations of demand estimation},
  author={Berry, Steven T and Haile, Philip A},
  booktitle={Handbook of industrial organization},
  volume={4},
  number={1},
  pages={1--62},
  year={2021}
}
@incollection{hausman1996valuation,
  title={Valuation of new goods under perfect and imperfect competition},
  author={Hausman, Jerry A},
  booktitle={The economics of new goods},
  pages={207--248},
  year={1996},
  publisher={University of Chicago Press}
}
@article{waldfogel2003preference,
  title={Preference externalities: An empirical study of who benefits whom in differentiated-product markets},
  author={Waldfogel, Joel},
  journal={RAND Journal of Economics},
  volume={34},
  number={3},
  pages={557},
  year={2003}
}
@article{dellavigna2019uniform,
  title={Uniform pricing in US retail chains},
  author={DellaVigna, Stefano and Gentzkow, Matthew},
  journal={Quarterly Journal of Economics},
  volume={134},
  number={4},
  pages={2011--2084},
  year={2019}
}
@article{knittel2014estimation,
  title={Estimation of random-coefficient demand models: Two empiricists' perspective},
  author={Knittel, Christopher R and Metaxoglou, Konstantinos},
  journal={Review of Economics and Statistics},
  volume={96},
  number={1},
  pages={34--59},
  year={2014}
}
@article{owen2017randomized,
  title={A randomized Halton algorithm in R},
  author={Owen, Art B},
  year={2017}
}
@article{salanie2022fast,
  title={Fast, detail-free, and approximately correct: Estimating mixed demand systems},
  author={Salani{\'e}, Bernard and Wolak, Frank A},
  year={2022}
}
@article{gandhi2025measuring,
  title={Measuring substitution patterns in differentiated-products industries},
  author={Gandhi, Amit and Houde, Jean-Fran{\c{c}}ois},
  year={2025}
}
@article{angrist1999jackknife,
  title={Jackknife instrumental variables estimation},
  author={Angrist, Joshua D and Imbens, Guido W and Krueger, Alan B},
  journal={Journal of Applied Econometrics},
  volume={14},
  number={1},
  pages={57--67},
  year={1999}
}
@article{han2006gmm,
  title={GMM with many moment conditions},
  author={Han, Chirok and Phillips, Peter CB},
  journal={Econometrica},
  volume={74},
  number={1},
  pages={147--192},
  year={2006}
}
@article{newey2009generalized,
  title={Generalized method of moments with many weak moment conditions},
  author={Newey, Whitney K and Windmeijer, Frank},
  journal={Econometrica},
  volume={77},
  number={3},
  pages={687--719},
  year={2009}
}
@article{chamberlain1987asymptotic,
  title={Asymptotic efficiency in estimation with conditional moment restrictions},
  author={Chamberlain, Gary},
  journal={Journal of Econometrics},
  volume={34},
  number={3},
  pages={305--334},
  year={1987}
}
@article{berry2014identification,
  title={Identification in differentiated products markets using market level data},
  author={Berry, Steven T and Haile, Philip A},
  journal={Econometrica},
  volume={82},
  number={5},
  pages={1749--1797},
  year={2014}
}
@article{berry2024nonparametric,
  title={Nonparametric identification of differentiated products demand using micro data},
  author={Berry, Steven T and Haile, Philip A},
  journal={Econometrica},
  volume={92},
  number={4},
  pages={1135--1162},
  year={2024}
}
@article{reynolds2008use,
  title={The use of customer surveys for market definition and the competitive assessment of horizontal mergers},
  author={Reynolds, Graeme and Walters, Chris},
  journal={Journal of Competition Law and Economics},
  volume={4},
  number={2},
  pages={411--431},
  year={2008}
}
@article{petrin2002quantifying,
  title={Quantifying the benefits of new products: The case of the minivan},
  author={Petrin, Amil},
  journal={Journal of Political Economy},
  volume={110},
  number={4},
  pages={705--729},
  year={2002}
}
@article{berry2004differentiated,
  title={Differentiated products demand systems from a combination of micro and macro data: The new car market},
  author={Berry, Steven and Levinsohn, James and Pakes, Ariel},
  journal={Journal of Political Economy},
  volume={112},
  number={1},
  pages={68--105},
  year={2004}
}
@article{zhang2024identification,
  title={Identification and estimation of market size in discrete choice demand models},
  author={Zhang, Linqi},
  year={2024}
}
@article{grieco2025optimal,
  title={Optimal estimation of discrete choice demand models with consumer and product data},
  author={Grieco, Paul LE and Murry, Charles and Pinkse, Joris and Sagl, Stephan},
  year={2025}
}
@software{grumps,
  title={Grumps.jl is a package for computing random coefficients demand models using consumer and product level data.},
  author={Pinkse, Joris and contributors},
  note={Available at \url{https://github.com/NittanyLion/Grumps.jl}}
}
@article{nevo2000practitioner,
  title={A practitioner's guide to estimation of random-coefficients logit models of demand},
  author={Nevo, Aviv},
  journal={Journal of Economics \& Management Strategy},
  volume={9},
  number={4},
  pages={513--548},
  year={2000}
}
@article{mcfadden1989method,
  title={A method of simulated moments for estimation of discrete response models without numerical integration},
  author={McFadden, Daniel},
  journal={Econometrica},
  pages={995--1026},
  year={1989}
}
@article{pakes1989simulation,
  title={Simulation and the asymptotics of optimization estimators},
  author={Pakes, Ariel and Pollard, David},
  journal={Econometrica},
  pages={1027--1057},
  year={1989}
}
@article{borusyak2025estimating,
  title={Estimating demand with recentered instruments},
  author={Borusyak, Kirill and Bravo, Mauricio Caceres and Hull, Peter},
  year={2025}
}
